Bob's bib file - please put .bib entries here in bibtex format

@article{espinosa2010specialization,
  title={Specialization can drive the evolution of modularity},
  author={Espinosa-Soto, Carlos and Wagner, Andreas},
  journal={PLoS computational biology},
  volume={6},
  number={3},
  pages={e1000719},
  year={2010},
  publisher={Public Library of Science}
}


