Tom's bib file - please put .bib entries here in bibtex format


