Zhenyue's bib file - please put .bib entries here in bibtex format

@article{blondel2008louvain,
  	title={Fast unfolding of communities in large networks},
  	author={Blondel, Vincent and Guillaume, Jean-Loup and Lambiotte, Renaud and Lefebvre, Etienne},
  	journal={Journal of Statistical Mechanics: Theory and Experiment},
  	volume={10},
  	pages={P10008},
  	year={2008},
}

@article{wagner1996model, 
 	title={Does Evolutionary Plasticity Evolve?},
  	author={Wagner, Andreas},
  	journal={Evolution},
  	volume={50},
  	number={3},
  	pages={1008-1023},
  	year={1996},
}

@article{larson2016hotspot, 
 	title={Does Evolutionary Plasticity Evolve?},
  	author={Larson, Ari. and Bernatskiy, Anton and Cappelle, Collin and Livingston, Ken and Livingston, Nicholas and Long, John and Schwarz, Jodi and Smith, Marc and Bongard, Josh},
}

@online{communityAPI,
  author = {NetworkX},
  title = {NetworkX},
  year = 2017,
  url = {https://networkx.github.io/},
  urldate = {2017-09-25}
}

@article{aderems2005sys, 
	author={Aderem, Alan}, 
	title={Systems biology: its practice and challenges}, 
	journal={Cell},
	volume={121},
	number={4},
	pages={511-513},
	year={2005},
}

@online{totten2015perturbation, 
	author = {Totten, Mariko},
	title = {Exploring the Evolution of Modularity in Gene Regulatory Networks},
	year = 2015,
	url = {https://scholarworks.uvm.edu/cgi/viewcontent.cgi?referer=https://www.google.com.au/&httpsredir=1&article=1081&context=hcoltheses},
	urldate = {2017-09-25}
}








